[gd_resource type="Theme" load_steps=8 format=2]

[ext_resource path="res://resources/font/NovemberButton.tres" type="DynamicFont" id=1]

[sub_resource type="StyleBoxFlat" id=2]
bg_color = Color( 1, 0.160156, 0.160156, 0.705882 )
border_width_left = 2
border_width_top = 2
border_width_right = 2
border_width_bottom = 2
border_blend = true
anti_aliasing = false

[sub_resource type="StyleBoxFlat" id=3]
bg_color = Color( 0.823529, 0.352941, 0.352941, 0.705882 )
border_width_left = 2
border_width_top = 2
border_width_right = 2
border_width_bottom = 2
border_blend = true
anti_aliasing = false

[sub_resource type="StyleBoxFlat" id=1]
bg_color = Color( 1, 0.160156, 0.160156, 0.705882 )
border_width_left = 2
border_width_top = 2
border_width_right = 2
border_width_bottom = 2
border_blend = true
anti_aliasing = false

[sub_resource type="StyleBoxFlat" id=4]
bg_color = Color( 0.207843, 0.0509804, 0.0509804, 0.705882 )
border_blend = true
anti_aliasing = false

[sub_resource type="StyleBoxEmpty" id=6]

[sub_resource type="StyleBoxFlat" id=5]
bg_color = Color( 0.0627451, 0.0627451, 0.0627451, 0.980392 )

[resource]
Button/fonts/font = ExtResource( 1 )
Button/styles/focus = SubResource( 2 )
Button/styles/hover = SubResource( 3 )
Button/styles/normal = SubResource( 1 )
Button/styles/pressed = SubResource( 4 )
CheckButton/styles/focus = SubResource( 6 )
CheckButton/styles/hover = SubResource( 6 )
CheckButton/styles/hover_pressed = SubResource( 6 )
CheckButton/styles/normal = SubResource( 6 )
CheckButton/styles/pressed = SubResource( 6 )
Label/colors/font_color = Color( 1, 1, 1, 1 )
Panel/styles/panel = SubResource( 5 )
PanelContainer/styles/panel = SubResource( 5 )
WindowDialog/colors/title_color = Color( 1, 1, 1, 1 )
WindowDialog/styles/panel = SubResource( 5 )
