[gd_scene load_steps=5 format=2]

[ext_resource path="res://ui/start_game/StartGame.gd" type="Script" id=1]
[ext_resource path="res://ui/TypingScript.gd" type="Script" id=2]
[ext_resource path="res://resources/sound/fx/17_click01.wav" type="AudioStream" id=3]
[ext_resource path="res://resources/sound/fx/18_piano01.wav" type="AudioStream" id=4]

[node name="StartGame" type="Control"]
anchor_right = 1.0
anchor_bottom = 1.0
script = ExtResource( 1 )

[node name="ColorRect" type="ColorRect" parent="."]
anchor_right = 1.0
anchor_bottom = 1.0
color = Color( 0, 0, 0, 1 )

[node name="Options" type="VBoxContainer" parent="."]
anchor_left = 0.5
anchor_top = 0.5
anchor_right = 0.5
anchor_bottom = 0.5
margin_left = -41.5
margin_top = 78.0
margin_right = 41.5
margin_bottom = 98.0
grow_horizontal = 2
grow_vertical = 2

[node name="ButtonStart" type="Button" parent="Options"]
visible = false
margin_right = 83.0
margin_bottom = 18.0
text = "Start"

[node name="Label" type="Label" parent="."]
anchor_right = 1.0
anchor_bottom = 1.0
margin_left = 20.0
margin_top = 20.0
margin_right = -20.0
margin_bottom = -111.0
text = "You had a good day in the city park. But the night came faster than a blink. You are alone. You want to go home. The last thing you want right now is to interact with strange men at this time of night."
align = 2
valign = 1
autowrap = true
script = ExtResource( 2 )

[node name="ClickPlayer" type="AudioStreamPlayer" parent="Label"]
stream = ExtResource( 3 )
bus = "General"

[node name="Label2" type="Label" parent="."]
anchor_right = 1.0
anchor_bottom = 1.0
margin_left = 20.0
margin_top = 146.0
margin_right = -20.0
margin_bottom = -63.0
text = "Please, stay safe."
align = 2
valign = 1
autowrap = true
script = ExtResource( 2 )

[node name="ClickPlayer" type="AudioStreamPlayer" parent="Label2"]
stream = ExtResource( 3 )
bus = "General"

[node name="StartGameAudio" type="AudioStreamPlayer" parent="."]
stream = ExtResource( 4 )
bus = "General"

[connection signal="pressed" from="Options/ButtonStart" to="." method="_on_ButtonStart_pressed"]
